<?xml version="1.0" encoding="UTF-8"?>
                <record xmlns="http://www.loc.gov/MARC21/slim">
                    <leader>00000nam a2200000 cb4500</leader>
                    <controlfield tag="001">990143859040203331</controlfield>
                    <controlfield tag="003">AT-OBV</controlfield>
                    <controlfield tag="005">20180131191900.0</controlfield>
                    <controlfield tag="008">171012|9999####au############|||#|#ger#u</controlfield>
                    <controlfield tag="009">AC14446528</controlfield>
                    <datafield tag="035" ind1=" " ind2=" ">
                        <subfield code="a">AC14446528</subfield>
                    </datafield>
                    <datafield tag="035" ind1=" " ind2=" ">
                        <subfield code="a">(AT-OBV)AC14446528</subfield>
                    </datafield>
                    <datafield tag="035" ind1=" " ind2=" ">
                        <subfield code="a">(Aleph)014385904ACC01</subfield>
                    </datafield>
                    <datafield tag="035" ind1=" " ind2=" ">
                        <subfield code="a">(DE-599)OBVAC14446528</subfield>
                    </datafield>
                    <datafield tag="040" ind1=" " ind2=" ">
                        <subfield code="a">UBS</subfield>
                        <subfield code="b">ger</subfield>
                        <subfield code="c">LAS</subfield>
                        <subfield code="d">UBS</subfield>
                        <subfield code="e">rna</subfield>
                    </datafield>
                    <datafield tag="041" ind1=" " ind2=" ">
                        <subfield code="a">ger</subfield>
                    </datafield>
                    <datafield tag="044" ind1=" " ind2=" ">
                        <subfield code="c">XA-AT</subfield>
                    </datafield>
                    <datafield tag="090" ind1=" " ind2=" ">
                        <subfield code="v">3</subfield>
                    </datafield>
                    <datafield tag="100" ind1="1" ind2=" ">
                        <subfield code="a">Zweig, Stefan</subfield>
                        <subfield code="d">1881-1942</subfield>
                        <subfield code="0">(DE-588)118637479</subfield>
                        <subfield code="4">aut</subfield>
                    </datafield>
                    <datafield tag="240" ind1="1" ind2="0">
                        <subfield code="a">Montaigne</subfield>
                    </datafield>
                    <datafield tag="245" ind1="0" ind2="0">
                        <subfield code="a">Notizbuch Montaigne</subfield>
                    </datafield>
                    <datafield tag="264" ind1=" " ind2="1">
                        <subfield code="c">[ohne Jahresangabe]</subfield>
                    </datafield>
                    <datafield tag="300" ind1=" " ind2=" ">
                        <subfield code="a">1 Notizbuch, 82 Bl.</subfield>
                        <subfield code="c">23 x 17 cm</subfield>
                        <subfield code="e">1 Einlageblatt mit Aufschrift von Richard Friedenthal und fremder Hand</subfield>
                    </datafield>
                    <datafield tag="490" ind1="1" ind2=" ">
                        <subfield code="a">Stefan Zweig - Archiv Atrium Press</subfield>
                    </datafield>
                    <datafield tag="500" ind1=" " ind2=" ">
                        <subfield code="a">Titel: laut Vorlage; Art: 32 Blatt beschrieben; Schreiberhände: Stefan Zweig; Label: N.°4-PAUTADO [...] Industria Brasileira, Stempel: PAPELARIA ESTEVES PETROPOLIS; Schreibstoff: blaue und rote Tinte, Bleistift; Weiteres: Deckblattlabel mit nachträglicher Aufschrift "Stephan Zweig Montaigne" von Richard Friedenthals Hand</subfield>
                    </datafield>
                    <datafield tag="506" ind1=" " ind2=" ">
                        <subfield code="a">Nur im LAS benutzbar</subfield>
                    </datafield>
                    <datafield tag="541" ind1=" " ind2=" ">
                        <subfield code="a">Ankauf Christie´s London 2014</subfield>
                    </datafield>
                    <datafield tag="561" ind1=" " ind2=" ">
                        <subfield code="a">Archiv Atrium Press</subfield>
                    </datafield>
                    <datafield tag="563" ind1=" " ind2=" ">
                        <subfield code="a">Ringbindung</subfield>
                    </datafield>
                    <datafield tag="655" ind1=" " ind2="4">
                        <subfield code="a">Prosa</subfield>
                    </datafield>
                    <datafield tag="830" ind1=" " ind2="0">
                        <subfield code="w">(AT-OBV)AC14446383</subfield>
                        <subfield code="9">O:1</subfield>
                    </datafield>
                    <datafield tag="970" ind1="2" ind2=" ">
                        <subfield code="d">NAK</subfield>
                    </datafield>
                    <datafield tag="970" ind1="5" ind2=" ">
                        <subfield code="a">SZ-AAP/W4.1</subfield>
                    </datafield>
                    <datafield tag="972" ind1="0" ind2=" ">
                        <subfield code="a">N-LASA</subfield>
                    </datafield>
                    <datafield tag="974" ind1="0" ind2="s">
                        <subfield code="V">029</subfield>
                        <subfield code="a">AL00665850</subfield>
                    </datafield>
                    <datafield tag="974" ind1="0" ind2="s">
                        <subfield code="F">030</subfield>
                        <subfield code="A">a|1ugr|||||1|</subfield>
                    </datafield>
                    <datafield tag="974" ind1="0" ind2="s">
                        <subfield code="F">051</subfield>
                        <subfield code="A">||||||||</subfield>
                    </datafield>
                    <datafield tag="974" ind1="0" ind2="s">
                        <subfield code="F">053</subfield>
                        <subfield code="A">3|</subfield>
                    </datafield>
                </record>
